<record xmlns='http://www.loc.gov/MARC21/slim'><leader>01997ntm a2200361Ii 4500</leader><controlfield tag='001'>991058301965406011</controlfield><controlfield tag='005'>20220506122822.0</controlfield><controlfield tag='008'>220506q14001599gw            000 0 eng d</controlfield><datafield ind1=' ' ind2=' ' tag='035'><subfield code='a'>(OCoLC)1314385784h</subfield></datafield><datafield ind1=' ' ind2=' ' tag='035'><subfield code='a'>(OCoLC)on1314385784h</subfield></datafield><datafield ind1=' ' ind2=' ' tag='040'><subfield code='a'>HRH</subfield><subfield code='b'>eng</subfield><subfield code='e'>dcrmmss</subfield><subfield code='c'>HRH</subfield></datafield><datafield ind1=' ' ind2=' ' tag='041'><subfield code='a'>lat</subfield></datafield><datafield ind1=' ' ind2=' ' tag='049'><subfield code='a'>HRHH</subfield></datafield><datafield ind1=' ' ind2='9' tag='099'><subfield code='a'>MS 3327, Container 61</subfield></datafield><datafield ind1='0' ind2='0' tag='245'><subfield code='a'>Dominican breviary with calendar :</subfield><subfield code='k'>manuscript.</subfield></datafield><datafield ind1=' ' ind2='0' tag='264'><subfield code='a'>Germany (Nuremberg?) ;</subfield><subfield code='c'>15th or 16th century</subfield></datafield><datafield ind1=' ' ind2=' ' tag='300'><subfield code='a'>288 leaves :</subfield><subfield code='b'>parchment,</subfield><subfield code='c'>12 x 9 cm</subfield></datafield><datafield ind1=' ' ind2=' ' tag='336'><subfield code='a'>text</subfield><subfield code='b'>txt</subfield><subfield code='2'>rdacontent</subfield></datafield><datafield ind1=' ' ind2=' ' tag='337'><subfield code='a'>unmediated</subfield><subfield code='b'>n</subfield><subfield code='2'>rdamedia</subfield></datafield><datafield ind1=' ' ind2=' ' tag='338'><subfield code='a'>volume</subfield><subfield code='b'>nc</subfield><subfield code='2'>rdacarrier</subfield></datafield><datafield ind1=' ' ind2=' ' tag='500'><subfield code='a'>Title devised by cataloger.</subfield></datafield><datafield ind1=' ' ind2=' ' tag='500'><subfield code='a'>Gothic textualis script</subfield></datafield><datafield ind1=' ' ind2=' ' tag='500'><subfield code='a'>Layout is square musical notation of 4-line red staves for some antiphons and several psalm tone incipits.</subfield></datafield><datafield ind1=' ' ind2=' ' tag='506'><subfield code='a'>Unrestricted, for either reading room or classroom use, but coach user: use cradle.</subfield></datafield><datafield ind1=' ' ind2=' ' tag='520'><subfield code='a'>Includes propers for St. Dominic and suffrages for Thomas Aquinas, Sebaldus, and Kunegunda.</subfield></datafield><datafield ind1=' ' ind2=' ' tag='590'><subfield code='a'>MS 3327, Container 61: Heraldic illustrations on pastedowns include INSIGNIA D. D. COMITUMABERDONDI (front) and INSIGNIA D. D. LANDGRAF DELEUCHTEN (back); Joseph May Spetzler (fol. 211v); from the collection of Walter Emile van Wijk (1887-1961). Binding (Germany 15th-16th c): Alum-tawed pigskin over shaped quartered boards; spine missing; disfigured by repair. Cut edges, brush-colored blue. Tooled (?) decoration front and back covers. Worked stuck-on endbands (blue/white), endband slips laced on boards. Sewn on three double raised cords laced on boards. Several opening folios removed, presumably decorated.</subfield></datafield><datafield ind1=' ' ind2='7' tag='655'><subfield code='a'>Breviaries.</subfield><subfield code='2'>rbgenr</subfield></datafield><datafield ind1=' ' ind2='7' tag='655'><subfield code='a'>Calendars.</subfield><subfield code='2'>rbgenr</subfield></datafield><datafield ind1='1' ind2=' ' tag='790'><subfield code='a'>Spetzler, Joseph May,</subfield><subfield code='e'>former owner.</subfield></datafield><datafield ind1='1' ind2=' ' tag='790'><subfield code='a'>Wijk, W. E. van (Walter Emile), 1887-,</subfield><subfield code='e'>former owner.</subfield></datafield><datafield ind1='2' ind2=' ' tag='791'><subfield code='a'>Medieval and Early Modern Manuscripts Collection.</subfield></datafield><datafield ind1=' ' ind2=' ' tag='752'><subfield code='a'>Germany,</subfield><subfield code='e'>producation place.</subfield></datafield><datafield ind1=' ' ind2=' ' tag='994'><subfield code='a'>C0</subfield><subfield code='b'>HRH</subfield></datafield></record>
